<record><leader>00000cas a22000007a 4500</leader><controlfield tag="001">15188203</controlfield><controlfield tag="008">870212d18601861iauwr ne      0    0eng d</controlfield><datafield ind1=" " ind2=" " tag="010"><subfield code="a">sn 87057210 </subfield></datafield><datafield ind1=" " ind2=" " tag="040"><subfield code="a">INP</subfield><subfield code="b">eng</subfield><subfield code="c">INP</subfield><subfield code="d">OCLCQ</subfield></datafield><datafield ind1=" " ind2=" " tag="042"><subfield code="a">msc</subfield></datafield><datafield ind1="0" ind2="0" tag="245"><subfield code="a">Clear Lake independent.</subfield></datafield><datafield ind1=" " ind2=" " tag="260"><subfield code="a">Clear Lake, Iowa :</subfield><subfield code="b">J.M. Brainard &amp; S. Noyes</subfield></datafield><datafield ind1=" " ind2=" " tag="300"><subfield code="a">v. ;</subfield><subfield code="c">55 cm.</subfield></datafield><datafield ind1="1" ind2=" " tag="362"><subfield code="a">Issued Feb. 10, 1860-1861.</subfield><subfield code="z">Cf. Bibl. of Iowa newspapers.</subfield></datafield><datafield ind1=" " ind2=" " tag="588"><subfield code="a">Description based on: Vol. 1, no. 34 (Oct. 5, 1860).</subfield></datafield><datafield ind1=" " ind2=" " tag="752"><subfield code="a">United States</subfield><subfield code="b">Iowa</subfield><subfield code="c">Cerro Gordo</subfield><subfield code="d">Clear Lake.</subfield></datafield></record>